@inproceedings{brakmo:1994:tcp-vegas,
	Address = {London, {UK}},
	Author = {Brakmo, L. S. and O'Malley, S. W. and Peterson, L. L.},
	Booktitle = {Proc.\ {SIGCOMM} Conference},
	Doi = {10.1145/190314.190317},
	Month = {August},
	Organization = {{ACM}},
	Pages = {24--35},
	Title = {{TCP} {Vegas}: New Techniques for Congestion Detection and Avoidance},
	Year = {1994}}

@misc{roskind2013quic,
    author = {Roskind, J.},
    title  = {{Quick {UDP} {Internet} Connections: Design Document and Specification Rationale}},
    month  = dec,
    year   = {2013},
    url    = {https://docs.google.com/document/d/1RNHkx_VvKWyWg6Lr8SZ-saqsQx7rFV-ev2jRFUoVD34}
}

@inproceedings{honda:2011:extend-tcp,
  Address = {Berlin, Germany},
  Author = {Honda, M. and others},
  Booktitle = {Proc.\ {ACM} {IMC}},
  Month = {Nov.},
  Title = {Is it still possible to extend {TCP}?},
  Year = {2011}}

@inproceedings{mcquistin:2015:reinterpreting,
  Address = {{Z\"urich}, Switzerland},
  Author = {McQuistin, S. and Perkins, C. S.},
  Booktitle = {Proc. {IAB} Workshop on Stack Evolution in a Middlebox {Internet}},
  Month = {Jan.},
  Title = {{Reinterpreting the Transport Protocol Stack to Embrace Ossification}},
  Year = {2015}}

@misc{mcquistin2016hollywood,
       booktitle = {Proc\. {ACM} {NOSSDAV}},
           title = {{TCP} Goes to {Hollywood}},
          author = {McQuistin, S. and Perkins, C. S. and Fayed, M.},
            year = {2016},
           month = may
}

@inproceedings{nowlan:2012:minion,
  Address = {San Jose, {CA}},
  Author = {Nowlan, M. F. and Tiwari, N. and Iyengar, J. and Amin, S. O. and Ford, B.},
  Booktitle = {Proc.\ {USENIX} {NSDI}},
  Month = {Apr.},
  Title = {{Fitting Square Pegs Through Round Pipes: Unordered Delivery Wire-Compatible with {TCP} and {TLS}}},
  Year = {2012}}

@inproceedings{mukherjee:2000:timelines,
  author={Mukherjee, B. and Brecht, T.},
  booktitle={Proc.\ {IEEE} {ICNP}},
  title={{Time-lined TCP for the TCP-friendly delivery of streaming media}},
  year={2000},
}
